<record><leader>00000cas a2200000 a 4500</leader><controlfield tag="001">14393209</controlfield><controlfield tag="008">861014d18631868couwr ne      0    0eng c</controlfield><datafield ind1=" " ind2=" " tag="010"><subfield code="a">sn 90051745 </subfield></datafield><datafield ind1=" " ind2=" " tag="040"><subfield code="a">DPL</subfield><subfield code="b">eng</subfield><subfield code="c">DPL</subfield><subfield code="d">CNQ</subfield><subfield code="d">CNK</subfield><subfield code="d">CNW</subfield><subfield code="d">OCL</subfield><subfield code="d">CUI</subfield><subfield code="d">OCLCQ</subfield><subfield code="d">OCLCF</subfield></datafield><datafield ind1=" " ind2=" " tag="042"><subfield code="a">pcc</subfield></datafield><datafield ind1=" " ind2=" " tag="043"><subfield code="a">n-us-co</subfield></datafield><datafield ind1=" " ind2="4" tag="050"><subfield code="a">AN</subfield></datafield><datafield ind1="0" ind2="4" tag="245"><subfield code="a">The Weekly miners' register.</subfield></datafield><datafield ind1="3" ind2=" " tag="246"><subfield code="a">Miners' register</subfield></datafield><datafield ind1="3" ind2=" " tag="246"><subfield code="a">Miners' weekly register</subfield></datafield><datafield ind1="3" ind2=" " tag="246"><subfield code="a">Weekly register</subfield></datafield><datafield ind1=" " ind2=" " tag="260"><subfield code="a">Central City, Colo. Terr. [Colo.] :</subfield><subfield code="b">Collier, Glenn &amp; Co.</subfield></datafield><datafield ind1=" " ind2=" " tag="300"><subfield code="a">v.</subfield></datafield><datafield ind1=" " ind2=" " tag="310"><subfield code="a">Weekly</subfield></datafield><datafield ind1="1" ind2=" " tag="362"><subfield code="a">Began in 1863.</subfield></datafield><datafield ind1="0" ind2=" " tag="362"><subfield code="a">-v. 5, no. 52 (July 23, 1868).</subfield></datafield><datafield ind1=" " ind2=" " tag="530"><subfield code="a">Available on microfilm from the Colorado Historical Society.</subfield></datafield><datafield ind1=" " ind2=" " tag="580"><subfield code="a">Tri-weekly ed.: Tri-weekly miner's register, 1862-1863.</subfield></datafield><datafield ind1=" " ind2=" " tag="580"><subfield code="a">Daily ed.: Daily miner's register, 1863-1868.</subfield></datafield><datafield ind1=" " ind2=" " tag="588"><subfield code="a">Description based on: Vol. 1, no. 11 (July 22, 1863).</subfield></datafield><datafield ind1=" " ind2="0" tag="651"><subfield code="a">Central City (Colo.)</subfield><subfield code="v">Newspapers.</subfield></datafield><datafield ind1=" " ind2="0" tag="651"><subfield code="a">Gilpin County (Colo.)</subfield><subfield code="v">Newspapers.</subfield></datafield><datafield ind1=" " ind2="7" tag="655"><subfield code="a">Newspapers.</subfield><subfield code="2">fast</subfield><subfield code="0">(OCoLC)fst01423814</subfield></datafield><datafield ind1=" " ind2="7" tag="651"><subfield code="a">Colorado</subfield><subfield code="z">Central City.</subfield><subfield code="2">fast</subfield><subfield code="0">(OCoLC)fst01217417</subfield></datafield><datafield ind1=" " ind2="7" tag="651"><subfield code="a">Colorado</subfield><subfield code="z">Gilpin County.</subfield><subfield code="2">fast</subfield><subfield code="0">(OCoLC)fst01230153</subfield></datafield><datafield ind1=" " ind2=" " tag="752"><subfield code="a">United States</subfield><subfield code="b">Colorado</subfield><subfield code="c">Gilpin</subfield><subfield code="d">Central City.</subfield></datafield><datafield ind1="1" ind2=" " tag="775"><subfield code="t">Tri-weekly miner's register</subfield><subfield code="w">(DLC)sn 82016430</subfield><subfield code="w">(OCoLC)9321675</subfield></datafield><datafield ind1="1" ind2=" " tag="775"><subfield code="t">Daily miners' register</subfield><subfield code="w">(DLC)sn 82014875</subfield><subfield code="w">(OCoLC)8793871</subfield></datafield><datafield ind1="0" ind2="8" tag="776"><subfield code="i">Online version:</subfield><subfield code="t">Weekly miners' register</subfield><subfield code="w">(OCoLC)690735218</subfield></datafield><datafield ind1="0" ind2="0" tag="785"><subfield code="t">Weekly Central City register (Central City, Colo. : 1868)</subfield><subfield code="w">(DLC)sn 84027587</subfield><subfield code="w">(OCoLC)11285342</subfield></datafield></record>